<?xml version="1.0" encoding="UTF-8"?><record xmlns="http://www.loc.gov/MARC21/slim" xmlns:cinclude="http://apache.org/cocoon/include/1.0" xmlns:zs="http://www.loc.gov/zing/srw/">
  <leader>01100cz  a2200193n  4500</leader>
  <controlfield tag="001">no2007108588</controlfield>
  <controlfield tag="003">DLC</controlfield>
  <controlfield tag="005">20130326112203.0</controlfield>
  <controlfield tag="008">070914n| azannaabn          |a ana     c</controlfield>
  <datafield tag="010" ind1=" " ind2=" ">
    <subfield code="a">no2007108588</subfield>
  </datafield>
  <datafield tag="035" ind1=" " ind2=" ">
    <subfield code="a">(OCoLC)oca07523515</subfield>
  </datafield>
  <datafield tag="040" ind1=" " ind2=" ">
    <subfield code="a">WaU</subfield>
    <subfield code="b">eng</subfield>
    <subfield code="e">rda</subfield>
    <subfield code="c">WaU</subfield>
    <subfield code="d">IEN</subfield>
    <subfield code="d">DLC</subfield>
  </datafield>
  <datafield tag="110" ind1="2" ind2=" ">
    <subfield code="a">Strategic Ballast Water R &amp; D Program (Australia)</subfield>
  </datafield>
  <datafield tag="410" ind1="1" ind2=" ">
    <subfield code="a">Australia.</subfield>
    <subfield code="b">Department of Agriculture, Fisheries, and Forestry.</subfield>
    <subfield code="b">Strategic Ballast Water R &amp; D Program</subfield>
  </datafield>
  <datafield tag="410" ind1="1" ind2=" ">
    <subfield code="a">Australia.</subfield>
    <subfield code="b">Strategic Ballast Water R &amp; D Program</subfield>
  </datafield>
  <datafield tag="410" ind1="2" ind2=" ">
    <subfield code="a">Australian Strategic Ballast Water Research and Development Program</subfield>
  </datafield>
  <datafield tag="410" ind1="2" ind2=" ">
    <subfield code="a">Strategic Ballast Water R and D Program (Australia)</subfield>
  </datafield>
  <datafield tag="510" ind1="1" ind2=" ">
    <subfield code="w">r</subfield>
    <subfield code="i">Hierarchical superior:</subfield>
    <subfield code="a">Australia.</subfield>
    <subfield code="b">Department of Agriculture, Fisheries, and Forestry</subfield>
  </datafield>
  <datafield tag="670" ind1=" " ind2=" ">
    <subfield code="a">Hull fouling as a vector for the translocation of marine organisms, c2004:</subfield>
    <subfield code="b">t.p. (Dept. of Agriculture, Fisheries and Forestry - Australia, Strategic Ballast Water R&amp;D Program) p. ii (Australian Strategic Ballast Water Research and Development Program (Department of Agriculture, Fisheries and Forestry - Australia))</subfield>
  </datafield>
</record>